<record><leader>00000cas a22000007a 4500</leader><controlfield tag="001">11849234</controlfield><controlfield tag="008">850326d18831972iauwr ne      0    0eng d</controlfield><datafield ind1=" " ind2=" " tag="010"><subfield code="a">sn 85050755 </subfield></datafield><datafield ind1=" " ind2=" " tag="040"><subfield code="a">INP</subfield><subfield code="b">eng</subfield><subfield code="c">INP</subfield><subfield code="d">OCLCQ</subfield></datafield><datafield ind1=" " ind2=" " tag="042"><subfield code="a">msc</subfield></datafield><datafield ind1="0" ind2="0" tag="245"><subfield code="a">Maxwell tribune.</subfield></datafield><datafield ind1=" " ind2=" " tag="260"><subfield code="a">Maxwell, Iowa :</subfield><subfield code="b">L.R. Shepherd,</subfield><subfield code="c">1883-1972.</subfield></datafield><datafield ind1=" " ind2=" " tag="300"><subfield code="a">88 v. :</subfield><subfield code="b">ill. ;</subfield><subfield code="c">49-59 cm.</subfield></datafield><datafield ind1=" " ind2=" " tag="310"><subfield code="a">Weekly</subfield></datafield><datafield ind1="0" ind2=" " tag="362"><subfield code="a">Vol. 1, no. 1 (Dec. 28, 1883)-v. 88, no. 40 (Oct. 5, 1972).</subfield></datafield><datafield ind1=" " ind2=" " tag="500"><subfield code="a">Publishers: Shepherd &amp; Allen, Apr. 3, 1884-May 7, 1885; J.F. Allen, May 14-July 9, 1885; L.R. Shepherd, July 16, 1885-May 17, 1900; L.R. Shepherd Pub. Co., May 24, 1900-Sept. 21, 1961; R. Carolyn Sherman, Sept. 28, 1961-Apr. 18, 1963; R. Carolyn and Chas. W. Sherman, Apr. 25, 1963-1972.</subfield></datafield><datafield ind1=" " ind2=" " tag="500"><subfield code="a">Issues for July 22-Oct. 14, 1886, include section called: Collins news, v. 1, no. 1-v. 1, no. 13.</subfield></datafield><datafield ind1=" " ind2=" " tag="500"><subfield code="a">Editors: L.R. Shepherd, 1883-Mar. 27, 1884; L.R. Shepherd and J.F. Allen, Apr. 3, 1884-&lt;Dec. 18, 1884&gt;; Thos. Dustin, &lt;June 3, 1915&gt;-June 10, 1937; Richard L. Dustin, June 17, 1937-&lt;Mar. 12&gt;, 1959; Carl D. Hoit, &lt;Mar. 19-Aug. 20, 1959&gt;.</subfield></datafield><datafield ind1=" " ind2=" " tag="515"><subfield code="a">Issue for v. 8, no. 30 misnumbered v. 8, no. 39.</subfield></datafield><datafield ind1=" " ind2=" " tag="525"><subfield code="a">Includes numerous supplements.</subfield></datafield><datafield ind1=" " ind2=" " tag="752"><subfield code="a">United States</subfield><subfield code="b">Iowa</subfield><subfield code="c">Story</subfield><subfield code="d">Maxwell.</subfield></datafield><datafield ind1=" " ind2=" " tag="752"><subfield code="a">United States</subfield><subfield code="b">Iowa</subfield><subfield code="c">Story</subfield><subfield code="d">Collins.</subfield></datafield><datafield ind1="0" ind2="5" tag="780"><subfield code="t">Rhodes tribune</subfield><subfield code="w">(DLC)sn 85050882</subfield><subfield code="g">Aug. 29, 1889</subfield></datafield><datafield ind1="1" ind2=" " tag="787"><subfield code="t">Collins news</subfield></datafield><datafield ind1="1" ind2=" " tag="029"><subfield code="a">AU@</subfield><subfield code="b">000025786680</subfield></datafield></record>